@Manual{R-base,
  title = {R: A Language and Environment for Statistical Computing},
  author = {{R Core Team}},
  organization = {R Foundation for Statistical Computing},
  address = {Vienna, Austria},
  year = {2023},
  url = {https://www.R-project.org/},
}

@Manual{R-bookdown,
  title = {bookdown: Authoring Books and Technical Documents with R Markdown},
  author = {Yihui Xie},
  year = {2023},
  note = {R package version 0.35},
  url = {https://CRAN.R-project.org/package=bookdown},
}

@Manual{R-data.table,
  title = {data.table: Extension of `data.frame`},
  author = {Matt Dowle and Arun Srinivasan},
  year = {2023},
  note = {R package version 1.14.8},
  url = {https://CRAN.R-project.org/package=data.table},
}

@Manual{R-dplyr,
  title = {dplyr: A Grammar of Data Manipulation},
  author = {Hadley Wickham and Romain François and Lionel Henry and Kirill Müller and Davis Vaughan},
  year = {2023},
  note = {R package version 1.1.2},
  url = {https://CRAN.R-project.org/package=dplyr},
}

@Manual{R-forcats,
  title = {forcats: Tools for Working with Categorical Variables (Factors)},
  author = {Hadley Wickham},
  year = {2023},
  note = {R package version 1.0.0},
  url = {https://CRAN.R-project.org/package=forcats},
}

@Manual{R-foreach,
  title = {foreach: Provides Foreach Looping Construct},
  author = {{Revolution Analytics} and Steve Weston}},
  year = {2022},
  note = {R package version 1.5.2},
  url = {https://github.com/RevolutionAnalytics/foreach},
}

@Manual{R-formatR,
  title = {formatR: Format R Code Automatically},
  author = {Yihui Xie},
  year = {2023},
  note = {R package version 1.14},
  url = {https://github.com/yihui/formatR},
}

@Manual{R-ggplot2,
  title = {ggplot2: Create Elegant Data Visualisations Using the Grammar of Graphics},
  author = {Hadley Wickham and Winston Chang and Lionel Henry and Thomas Lin Pedersen and Kohske Takahashi and Claus Wilke and Kara Woo and Hiroaki Yutani and Dewey Dunnington},
  year = {2023},
  note = {R package version 3.4.3},
  url = {https://CRAN.R-project.org/package=ggplot2},
}

@Manual{R-ggthemes,
  title = {ggthemes: Extra Themes, Scales and Geoms for ggplot2},
  author = {Jeffrey B. Arnold},
  year = {2021},
  note = {R package version 4.2.4},
  url = {https://github.com/jrnold/ggthemes},
}

@Manual{R-gmodels,
  title = {gmodels: Various R Programming Tools for Model Fitting},
  author = {Gregory R. Warnes andBen Bolker and Thomas Lumley and Randall C Johnson and Randall C. Johnson},
  year = {2022},
  note = {R package version 2.18.1.1},
}

@Manual{R-hablar,
  title = {hablar: Non-Astonishing Results in R},
  author = {David Sjoberg},
  year = {2023},
  note = {R package version 0.3.2},
  url = {https://davidsjoberg.github.io/},
}

@Manual{R-kknn,
  title = {kknn: Weighted k-Nearest Neighbors},
  author = {Klaus Schliep and Klaus Hechenbichler},
  year = {2016},
  note = {R package version 1.3.1},
  url = {https://github.com/KlausVigo/kknn},
}

@Manual{R-knitr,
  title = {knitr: A General-Purpose Package for Dynamic Report Generation in R},
  author = {Yihui Xie},
  year = {2023},
  note = {R package version 1.43},
  url = {https://yihui.org/knitr/},
}

@Manual{R-leaflet,
  title = {leaflet: Create Interactive Web Maps with the JavaScript Leaflet
Library},
  author = {Joe Cheng and Barret Schloerke and Bhaskar Karambelkar and Yihui Xie},
  year = {2023},
  note = {https://rstudio.github.io/leaflet/},
}

@Manual{R-lintr,
  title = {lintr: A Linter for R Code},
  author = {Jim Hester and Florent Angly and Russ Hyde and Michael Chirico and Kun Ren and Alexander Rosenstock and Indrajeet Patil},
  year = {2023},
  note = {https://github.com/r-lib/lintr},
}

@Manual{R-lubridate,
  title = {lubridate: Make Dealing with Dates a Little Easier},
  author = {Vitalie Spinu and Garrett Grolemund and Hadley Wickham},
  year = {2023},
  note = {R package version 1.9.2},
  url = {https://CRAN.R-project.org/package=lubridate},
}

@Manual{R-magrittr,
  title = {magrittr: A Forward-Pipe Operator for R},
  author = {Stefan Milton Bache and Hadley Wickham},
  year = {2022},
  note = {R package version 2.0.3},
  url = {https://CRAN.R-project.org/package=magrittr},
}

@article{R-plyr,
  title   = {The Split-Apply-Combine Strategy for Data Analysis},
  author  = {Wickham, Hadley},
  journal = {Journal of Statistical Software},
  volume  =  {40},
  number  =  {1},
  pages   = {1--29},
  year    =  {2011},
  url     = {http://www.jstatsoft.org/v40/i01/}
}

@Manual{R-printr,
  title = {printr: Automatically Print R Objects to Appropriate Formats According
to the knitr Output Format},
  author = {Yihui Xie},
  year = {2023},
  note = {R package version 0.3},
  url = {https://yihui.org/printr/},
}

@Manual{R-purrr,
  title = {purrr: Functional Programming Tools},
  author = {Hadley Wickham and Lionel Henry},
  year = {2023},
  note = {R package version 1.0.2},
  url = {https://CRAN.R-project.org/package=purrr},
}

@Manual{R-raster,
  title = {raster: Geographic Data Analysis and Modeling},
  author = {Robert J. Hijmans},
  year = {2023},
  note = {R package version 3.6-26},
  url = {https://rspatial.org/raster},
}

@Manual{R-readr,
  title = {readr: Read Rectangular Text Data},
  author = {Hadley Wickham and Jim Hester and Jennifer Bryan},
  year = {2023},
  note = {R package version 2.1.4},
  url = {https://CRAN.R-project.org/package=readr},
}

@Manual{R-renv,
  title = {renv: Project Environments},
  author = {Kevin Ushey and Hadley Wickham},
  year = {2023},
  note = {R package version 1.0.3},
  url = {https://CRAN.R-project.org/package=renv},
}

@Manual{R-reshape2,
  title = {reshape2: Flexibly Reshape Data: A Reboot of the Reshape Package},
  author = {Hadley Wickham},
  year = {2020},
  note = {R package version 1.4.4},
  url = {https://github.com/hadley/reshape},
}

@Manual{R-rgdal,
  title = {rgdal: Bindings for the Geospatial Data Abstraction Library},
  author = {Roger Bivand and Tim Keitt and Barry Rowlingson},
  year = {2023},
  note = {http://rgdal.r-forge.r-project.org, https://gdal.org,
https://proj.org},
}

@Manual{R-rworldmap,
  title = {rworldmap: Mapping Global Data},
  author = {Andy South},
  year = {2016},
  note = {https://github.com/AndySouth/rworldmap/},
}

@Manual{R-sf,
  title = {sf: Simple Features for R},
  author = {Edzer Pebesma},
  year = {2023},
  note = {R package version 1.0-14},
  url = {https://CRAN.R-project.org/package=sf},
}

@Manual{R-sp,
  title = {sp: Classes and Methods for Spatial Data},
  author = {Edzer Pebesma and Roger Bivand},
  year = {2023},
  note = {R package version 2.1-2},
  url = {https://CRAN.R-project.org/package=sp},
}

@Manual{R-stringr,
  title = {stringr: Simple, Consistent Wrappers for Common String Operations},
  author = {Hadley Wickham},
  year = {2022},
  note = {R package version 1.5.0},
  url = {https://CRAN.R-project.org/package=stringr},
}

@Manual{R-tibble,
  title = {tibble: Simple Data Frames},
  author = {Kirill Müller and Hadley Wickham},
  year = {2023},
  note = {R package version 3.2.1},
  url = {https://CRAN.R-project.org/package=tibble},
}

@Manual{R-tidyr,
  title = {tidyr: Tidy Messy Data},
  author = {Hadley Wickham and Davis Vaughan and Maximilian Girlich},
  year = {2023},
  note = {R package version 1.3.0},
  url = {https://CRAN.R-project.org/package=tidyr},
}

@Manual{R-tidyverse,
  title = {tidyverse: Easily Install and Load the Tidyverse},
  author = {Hadley Wickham},
  year = {2023},
  note = {R package version 2.0.0},
  url = {https://CRAN.R-project.org/package=tidyverse},
}

@Manual{R-viridis,
  title = {viridis: Colorblind-Friendly Color Maps for R},
  author = {Simon Garnier},
  year = {2023},
  note = {R package version 0.6.4},
  url = {https://CRAN.R-project.org/package=viridis},
}

@Manual{R-viridisLite,
  title = {viridisLite: Colorblind-Friendly Color Maps (Lite Version)},
  author = {Simon Garnier},
  year = {2023},
  note = {R package version 0.4.2},
  url = {https://CRAN.R-project.org/package=viridisLite},
}

@Manual{R-zoo,
  title = {zoo: S3 Infrastructure for Regular and Irregular Time Series (Z's
Ordered Observations)},
  author = {Achim Zeileis and Gabor Grothendieck and Jeffrey A. Ryan},
  year = {2023},
  note = {R package version 1.8-12},
  url = {https://zoo.R-Forge.R-project.org/},
}

@Book{bookdown2016,
  title = {bookdown: Authoring Books and Technical Documents with {R} Markdown},
  author = {Yihui Xie},
  publisher = {Chapman and Hall/CRC},
  address = {Boca Raton, Florida},
  year = {2016},
  isbn = {978-1138700109},
  url = {https://bookdown.org/yihui/bookdown},
}

@Book{ggplot22016,
  author = {Hadley Wickham},
  title = {ggplot2: Elegant Graphics for Data Analysis},
  publisher = {Springer-Verlag New York},
  year = {2016},
  isbn = {978-3-319-24277-4},
  url = {https://ggplot2.tidyverse.org},
}

@Book{knitr2015,
  title = {Dynamic Documents with {R} and knitr},
  author = {Yihui Xie},
  publisher = {Chapman and Hall/CRC},
  address = {Boca Raton, Florida},
  year = {2015},
  edition = {2nd},
  note = {ISBN 978-1498716963},
  url = {https://yihui.org/knitr/},
}

@InCollection{knitr2014,
  booktitle = {Implementing Reproducible Computational Research},
  editor = {Victoria Stodden and Friedrich Leisch and Roger D. Peng},
  title = {knitr: A Comprehensive Tool for Reproducible Research in {R}},
  author = {Yihui Xie},
  publisher = {Chapman and Hall/CRC},
  year = {2014},
  note = {ISBN 978-1466561595},
}

@Article{lubridate2011,
  title = {Dates and Times Made Easy with {lubridate}},
  author = {Garrett Grolemund and Hadley Wickham},
  journal = {Journal of Statistical Software},
  year = {2011},
  volume = {40},
  number = {3},
  pages = {1--25},
  url = {https://www.jstatsoft.org/v40/i03/},
}

@Article{reshape22007,
  title = {Reshaping Data with the {reshape} Package},
  author = {Hadley Wickham},
  journal = {Journal of Statistical Software},
  year = {2007},
  volume = {21},
  number = {12},
  pages = {1--20},
  url = {http://www.jstatsoft.org/v21/i12/},
}

@Article{rworldmap2011,
  author = {Andy South},
  title = {rworldmap: A New R package for Mapping Global Data},
  journal = {The R Journal},
  year = {2011},
  volume = {3},
  number = {1},
  pages = {35-43},
  month = {June},
  issn = {2073-4859},
  url = {http://journal.r-project.org/archive/2011-1/RJournal_2011-1_South.pdf},
}

@Book{sf2023,
  author = {Edzer Pebesma and Roger Bivand},
  title = {{Spatial Data Science: With applications in R}},
  year = {2023},
  publisher = {{Chapman and Hall/CRC}},
  url = {https://r-spatial.org/book/},
  doi = {10.1201/9780429459016},
}

@Article{sf2018,
  author = {Edzer Pebesma},
  title = {{Simple Features for R: Standardized Support for Spatial Vector Data}},
  year = {2018},
  journal = {{The R Journal}},
  doi = {10.32614/RJ-2018-009},
  url = {https://doi.org/10.32614/RJ-2018-009},
  pages = {439--446},
  volume = {10},
  number = {1},
}

@Article{sp2005,
  author = {Edzer J. Pebesma and Roger Bivand},
  title = {Classes and methods for spatial data in {R}},
  journal = {R News},
  year = {2005},
  volume = {5},
  number = {2},
  pages = {9--13},
  month = {November},
  url = {https://CRAN.R-project.org/doc/Rnews/},
}

@Book{sp2013,
  author = {Roger S. Bivand and Edzer Pebesma and Virgilio Gomez-Rubio},
  title = {Applied spatial data analysis with {R}, Second edition},
  year = {2013},
  publisher = {Springer, NY},
  url = {https://asdar-book.org/},
}

@Article{tidyverse2019,
  title = {Welcome to the {tidyverse}},
  author = {Hadley Wickham and Mara Averick and Jennifer Bryan and Winston Chang and Lucy D'Agostino McGowan and Romain François and Garrett Grolemund and Alex Hayes and Lionel Henry and Jim Hester and Max Kuhn and Thomas Lin Pedersen and Evan Miller and Stephan Milton Bache and Kirill Müller and Jeroen Ooms and David Robinson and Dana Paige Seidel and Vitalie Spinu and Kohske Takahashi and Davis Vaughan and Claus Wilke and Kara Woo and Hiroaki Yutani},
  year = {2019},
  journal = {Journal of Open Source Software},
  volume = {4},
  number = {43},
  pages = {1686},
  doi = {10.21105/joss.01686},
}

@Manual{viridis2023,
  title = {{viridis(Lite)} - Colorblind-Friendly Color Maps for R},
  author = {{Garnier} and {Simon} and {Ross} and {Noam} and {Rudis} and {Robert} and {Camargo} and Antônio Pedro and {Sciaini} and {Marco} and {Scherer} and {Cédric}},
  year = {2023},
  note = {viridis package version 0.6.4},
  url = {https://sjmgarnier.github.io/viridis/},
  doi = {10.5281/zenodo.4679423},
}

@Manual{viridisLite2023,
  title = {{viridis(Lite)} - Colorblind-Friendly Color Maps for R},
  author = {{Garnier} and {Simon} and {Ross} and {Noam} and {Rudis} and {Robert} and {Camargo} and Antônio Pedro and {Sciaini} and {Marco} and {Scherer} and {Cédric}},
  year = {2023},
  note = {viridisLite package version 0.4.2},
  url = {https://sjmgarnier.github.io/viridis/},
  doi = {10.5281/zenodo.4678327},
}

@Article{zoo2005,
  title = {zoo: S3 Infrastructure for Regular and Irregular Time Series},
  author = {Achim Zeileis and Gabor Grothendieck},
  journal = {Journal of Statistical Software},
  year = {2005},
  volume = {14},
  number = {6},
  pages = {1--27},
  doi = {10.18637/jss.v014.i06},
}

